<?xml version="1.0" encoding="UTF-8"?><collection xmlns="http://www.loc.gov/MARC21/slim"><record><leader>00341nam--2200121-i-4500</leader><controlfield tag="001">000013262</controlfield><controlfield tag="002">20161230</controlfield><controlfield tag="005">20161230201030</controlfield><controlfield tag="008">060222s1000------------r-----000-0-eng-d</controlfield><datafield ind1=" " ind2=" " tag="100"><subfield code="a">Palz W</subfield></datafield><datafield ind1=" " ind2=" " tag="260"><subfield code="a">2nd E.C. Photovoltaic Solar Energy Conference. Proceedings..</subfield></datafield><datafield ind1=" " ind2=" " tag="490"><subfield code="a">D.Reidel Publishing Company, 1979. 121op</subfield></datafield><datafield ind1=" " ind2=" " tag="700"><subfield code="a">Van Overstraeten,R</subfield></datafield></record></collection>